@InProceedings{Buolamwini2018,
  author    = {Buolamwini, Joy and Gebru, Timnit},
  booktitle = {Proceedings of the 1st Conference on Fairness, Accountability and Transparency},
  date      = {2018},
  title     = {Gender Shades: Intersectional Accuracy Disparities in Commercial Gender Classification},
  editor    = {Friedler, Sorelle A. and Wilson, Christo},
  pages     = {77--91},
  publisher = {PMLR},
  series    = {Proceedings of Machine Learning Research},
  url       = {https://proceedings.mlr.press/v81/buolamwini18a.html},
  volume    = {81},
  pdf       = {http://proceedings.mlr.press/v81/buolamwini18a/buolamwini18a.pdf},
}

 
@Article{Gupta2022,
  author       = {Gupta, Sandeep Kumar and Nain, Neeta},
  date         = {2022-06},
  journaltitle = {Multimedia Tools and Applications},
  title        = {Review: Single attribute and multi attribute facial gender and age estimation},
  doi          = {10.1007/s11042-022-12678-6},
  issn         = {1573-7721},
  number       = {1},
  pages        = {1289--1311},
  volume       = {82},
  publisher    = {Springer Science and Business Media LLC},
}

 
@InProceedings{Karkkainen2021,
  author    = {Karkkainen, Kimmo and Joo, Jungseock},
  booktitle = {2021 IEEE Winter Conference on Applications of Computer Vision (WACV)},
  title     = {FairFace: Face Attribute Dataset for Balanced Race, Gender, and Age for Bias Measurement and Mitigation},
  publisher = {IEEE},
  date      = {2021-01-01},
  doi       = {10.1109/wacv48630.2021.00159},
}

@Article{Lin2006,
  author       = {Lin, Daw-Tung},
  date         = {2006-09-01},
  journaltitle = {Journal of Information Science and Engineering},
  title        = {Facial Expression Classification Using PCA and Hierarchical Radial Basis Function Network},
}

@WWW{Narkhede2018,
  author       = {Narkhede, Sarang},
  date         = {2018-05-09},
  title        = {Understanding Confusion Matrix},
  url          = {https://towardsdatascience.com/understanding-confusion-matrix-a9ad42dcfd62},
  organization = {Towards Data Science},
}

 
@Article{Rustam2018,
  author       = {Rustam, Z and Ruvita, A},
  date         = {2018-11},
  journaltitle = {Journal of Physics: Conference Series},
  title        = {Application Support Vector Machine on Face Recognition for Gender Classification},
  doi          = {10.1088/1742-6596/1108/1/012067},
  issn         = {1742-6596},
  pages        = {012067},
  volume       = {1108},
  publisher    = {IOP Publishing},
}

 
@Article{SalihHasan2021,
  author       = {Salih Hasan, Basna Mohammed and Abdulazeez, Adnan Mohsin},
  date         = {2021-04},
  journaltitle = {Journal of Soft Computing and Data Mining},
  title        = {A Review of Principal Component Analysis Algorithm for Dimensionality Reduction},
  doi          = {10.30880/jscdm.2021.02.01.003},
  issn         = {2716-621X},
  number       = {1},
  volume       = {2},
  publisher    = {Penerbit UTHM},
}

@Article{Zubair2021,
  author       = {Zubair, Md.},
  date         = {2021-07-23},
  journaltitle = {Towards Data Science},
  title        = {Write a Few Lines of Code and Detect Faces, Draw Landmarks from Complex Images ~MediaPipe},
  pages        = {3},
  subtitle     = {Detecting face from complex image is easy and fun with MediaPipe},
}

 
@PhdThesis{Shah2012,
  author      = {Shah, Parin M},
  date        = {2012-06-01},
  institution = {San Jose State University Library},
  title       = {Face Detection from Images Using Support Vector Machine},
  doi         = {10.31979/etd.wg5s-gyqn},
}

 
@Article{Guo2014,
  author       = {Guo, Guodong and Mu, Guowang},
  date         = {2014-10},
  journaltitle = {Image and Vision Computing},
  title        = {A framework for joint estimation of age, gender and ethnicity on a large database},
  doi          = {10.1016/j.imavis.2014.04.011},
  issn         = {0262-8856},
  number       = {10},
  pages        = {761--770},
  volume       = {32},
  publisher    = {Elsevier BV},
}

@Article{Ibtisamah2023,
  author       = {Ibtisamah, Nasywa},
  title        = {Tuning Multiple ML Models using GridSearchCV: A Project of Predicting Steel’s Optimal Temperature to Reduce Electricity Consumption},
  date         = {2023-09-17},
  journaltitle = {Medium},
}

@InProceedings{Khan2011,
  author = {Sajid Ali Khan and Muhammad Nazir and Naveed Riaz and Nawazish Naveed and Shaheed Zulfikar and Ali Bhutto},
  date   = {2011},
  title  = {Computationally Intelligent Gender Classification Techniques: An Analytical Study},
  url    = {https://api.semanticscholar.org/CorpusID:10305340},
}

@Misc{Lakshmiprabha2016,
  author    = {Lakshmiprabha, N. S.},
  date      = {2016},
  title     = {Face Image Analysis using AAM, Gabor, LBP and WD features for Gender, Age, Expression and Ethnicity Classification},
  doi       = {10.48550/ARXIV.1604.01684},
  copyright = {arXiv.org perpetual, non-exclusive license},
  keywords  = {Computer Vision and Pattern Recognition (cs.CV), FOS: Computer and information sciences, FOS: Computer and information sciences},
  publisher = {arXiv},
}

 
@InProceedings{Mady2018,
  author    = {Mady, Huda and Hilles, Shadi M. S.},
  booktitle = {2018 International Conference on Smart Computing and Electronic Enterprise (ICSCEE)},
  date      = {2018-07},
  title     = {Face recognition and detection using Random forest and combination of LBP and HOG features},
  doi       = {10.1109/icscee.2018.8538377},
  publisher = {IEEE},
}

@Article{Othman2014,
  author       = {Othman, Zainab A and Adnan, Dina A},
  title        = {Age classification from facial images system},
  number       = {10},
  pages        = {291-303},
  volume       = {3},
  date         = {2014-10-01},
  journaltitle = {Internation Journal of Computer Science and Mobile Computing},
}

@Article{Ramon2024,
  author = {Ramon, Aliha},
  date   = {2024-02-02},
  title  = {Machine Learning Algorithms for Gender Prediction},
}

@Article{SanchezLopez2010,
  author = {Sánchez López, Laura},
  date   = {2010-11-01},
  title  = {Local Binary Patterns applied to Face Detectionand Recognition�},
  pages  = {7-8},
}

@WWW{scikitlearn2024,
  author = {scikit-learn},
  date   = {2024-03-18},
  title  = {API Reference},
  url    = {https://scikit-learn.org/stable/modules/classes.html#module-sklearn.model_selection},
}

 
@InProceedings{Wang2010,
  author    = {Wang, Yishi and Ricanek, Karl and Chen, Cuixian and Chang, Yaw},
  booktitle = {2010 Fourth IEEE International Conference on Biometrics: Theory, Applications and Systems (BTAS)},
  title     = {Gender classification from infants to seniors},
  publisher = {IEEE},
  date      = {2010-09},
  doi       = {10.1109/btas.2010.5634518},
}

@Article{Yavuz2014,
  author = {Yavuz, Semih},
  date   = {2014-01-23},
  title  = {Gender Recognition with Logistic Regression},
  url    = {https://www.academia.edu/6634049/Gender_Recognition_with_Logistic_Regression},
}

@WWW{Educative2024,
  author = {Educative.io},
  date   = {2024-03-18},
  editor = {Irshad, Umer},
  title  = {Hyperparameter tuning using GridSearchCV},
  url    = {https://www.educative.io/answers/hyperparameter-tuning-using-gridsearchcv},
}

@Book{Geron2019,
  author = {Géron, Aurélien},
  title  = {Hands-On Machine Learning with Scikit-Learn, Keras & Tensorflow},
  date   = {2019-09-01},
  pages  = {142-145},
}

@Comment{jabref-meta: databaseType:biblatex;}
