 
@Article{Sanil2023,
  author       = {Sanil, Gangothri and Prakash, Krishna and Prabhu, Srikanth and Nayak, Vinod C. and Sengupta, Saptarshi},
  date         = {2023},
  journaltitle = {IEEE Access},
  title        = {2D-3D Facial Image Analysis for Identification of Facial Features Using Machine Learning Algorithms With Hyper-Parameter Optimization for Forensics Applications},
  doi          = {10.1109/access.2023.3298443},
  issn         = {2169-3536},
  pages        = {82521--82538},
  volume       = {11},
  publisher    = {Institute of Electrical and Electronics Engineers (IEEE)},
}

 
@Article{Siddiqi2022,
  author       = {Siddiqi, Muhammad Hameed and Khan, Khalil and Khan, Rehan Ullah and Alsirhani, Amjad},
  date         = {2022-04},
  journaltitle = {Electronics},
  title        = {Face Image Analysis Using Machine Learning: A Survey on Recent Trends and Applications},
  doi          = {10.3390/electronics11081210},
  issn         = {2079-9292},
  number       = {8},
  pages        = {1-2},
  volume       = {11},
  publisher    = {MDPI AG},
}

@Thesis{Coppens2018,
  author      = {Coppens, Ine},
  date        = {2018},
  institution = {Universiteit Gent},
  title       = {Persoonlijke aanbevelingen voor video's gebaseerd op gezichtsherkenning},
  type        = {mathesis},
  pages       = {9-12, 17-20},
  url         = {https://www.scriptieprijs.be/scriptie/2018/persoonlijke-aanbevelingen-voor-videos-gebaseerd-op-gezichtsherkenning},
}

@Article{Zubair2021,
  author       = {Zubair, Md.},
  date         = {2021-07-23},
  journaltitle = {Towards Data Science},
  title        = {Write a Few Lines of Code and Detect Faces, Draw Landmarks from Complex Images ~MediaPipe},
  pages        = {3},
  subtitle     = {Detecting face from complex image is easy and fun with MediaPipe},
}

@InProceedings{BasystiukMR23,
  author    = {Basystiuk, Oleh and Melnykova, Nataliia and Rybchak, Zoriana},
  booktitle = {Proceedings of the Modern Machine Learning Technologies and Data Science Workshop (MoMLeT&DS 2023), Lviv, Ukraine, June 3, 2023},
  title     = {Machine Learning Methods and Tools for Facial Recognition Based on Multimodal Approach},
  editor    = {Michael Emmerich and Victoria Vysotska and Volodymyr Lytvynenko},
  pages     = {161-170},
  publisher = {CEUR-WS.org},
  series    = {CEUR Workshop Proceedings},
  url       = {https://ceur-ws.org/Vol-3426/paper13.pdf},
  volume    = {3426},
  citedby   = {0},
  cites     = {0},
  researchr = {https://researchr.org/publication/BasystiukMR23},
  year      = {2023},
}

 
@InBook{Jiang2008,
  author    = {Jiang, Xiaoyi and Chen, Yung-Fu},
  booktitle = {Studies in Computational Intelligence},
  date      = {2008},
  title     = {Facial Image Processing},
  doi       = {10.1007/978-3-540-76831-9_2},
  isbn      = {9783540768319},
  pages     = {29--48},
  publisher = {Springer Berlin Heidelberg},
  issn      = {1860-949X},
}

@InProceedings{Khan2017,
  author = {Khan, Hamayun A.},
  date   = {2017},
  title  = {Feature Fusion and Classifier Ensemble Technique for Robust Face Recognition},
  pages  = {3-8},
  url    = {https://api.semanticscholar.org/CorpusID:203632225},
}

@WWW{XGBoost2023,
  author = {XGBoost},
  date   = {2023},
  title  = {Introduction to Boosted Trees},
  url    = {https://xgboost.readthedocs.io/en/stable/tutorials/model.html},
}

 
@Article{Chen2023,
  author    = {Chen, Xinrui and Zhang, Bingquan},
  date      = {2023-04},
  title     = {A XGBoost Algorithm-based Fatigue Recognition Model Using Face Detection},
  doi       = {10.21203/rs.3.rs-2814957/v1},
  pages     = {3-4},
  publisher = {Research Square Platform LLC},
}

 
@InProceedings{Guo2001,
  author     = {Guo-Dong Guo and Hong-Jiang Zhang},
  booktitle  = {Proceedings IEEE ICCV Workshop on Recognition, Analysis, and Tracking of Faces and Gestures in Real-Time Systems},
  date       = {2001},
  title      = {Boosting for fast face recognition},
  doi        = {10.1109/ratfg.2001.938916},
  pages      = {2},
  publisher  = {IEEE Comput. Soc},
  series     = {RATFG-01},
  collection = {RATFG-01},
}

 
@Article{Fanelli2012,
  author       = {Fanelli, Gabriele and Dantone, Matthias and Gall, Juergen and Fossati, Andrea and Van Gool, Luc},
  date         = {2012-08},
  journaltitle = {International Journal of Computer Vision},
  title        = {Random Forests for Real Time 3D Face Analysis},
  doi          = {10.1007/s11263-012-0549-0},
  issn         = {1573-1405},
  number       = {3},
  pages        = {437--458},
  volume       = {101},
  publisher    = {Springer Science and Business Media LLC},
}

 
@InProceedings{Kwon1994,
  author    = {Young Ho Kwon and da Vitoria Lobo},
  booktitle = {Proceedings of IEEE Conference on Computer Vision and Pattern Recognition CVPR-94},
  date      = {1994},
  title     = {Age classification from facial images},
  doi       = {10.1109/cvpr.1994.323894},
  pages     = {10-12},
  publisher = {IEEE Comput. Soc. Press},
}

 
@PhdThesis{Chen2011,
  author      = {Chen, Cunjian},
  date        = {2011},
  institution = {West Virginia University Libraries},
  title       = {Gender Classification from Facial Images},
  doi         = {10.33915/etd.3449},
  pages       = {12-15},
}

@Article{Gomede2023,
  author       = {Gomede, Everton},
  date         = {2023-10-28},
  journaltitle = {Medium},
  title        = {The ROC Curve: Application and Interpretation in the Health Context},
  url          = {https://medium.com/@evertongomede/the-roc-curve-application-and-interpretation-in-the-health-context-cc06af05a6ec},
}

@Comment{jabref-meta: databaseType:biblatex;}
